<record><leader>00000cas a22000007a 4500</leader><controlfield tag="001">20325704</controlfield><controlfield tag="008">890911d19701971mouwr ne      0    0eng d</controlfield><datafield ind1=" " ind2=" " tag="010"><subfield code="a">sn 89067043 </subfield></datafield><datafield ind1=" " ind2=" " tag="040"><subfield code="a">MQN</subfield><subfield code="b">eng</subfield><subfield code="c">MQN</subfield><subfield code="d">OCLCQ</subfield></datafield><datafield ind1=" " ind2=" " tag="042"><subfield code="a">msc</subfield></datafield><datafield ind1="0" ind2="0" tag="245"><subfield code="a">Newton County news-record.</subfield></datafield><datafield ind1=" " ind2=" " tag="260"><subfield code="a">Granby, Mo. :</subfield><subfield code="b">Neosho Pub. Co.,</subfield><subfield code="c">1970-1971.</subfield></datafield><datafield ind1=" " ind2=" " tag="300"><subfield code="a">v.</subfield></datafield><datafield ind1=" " ind2=" " tag="310"><subfield code="a">Weekly</subfield></datafield><datafield ind1="0" ind2=" " tag="362"><subfield code="a">Vol. 37, no. 49 (Dec. 10, 1970)-v. 38, no. 52 (Dec. 30, 1971).</subfield></datafield><datafield ind1=" " ind2=" " tag="752"><subfield code="a">United States</subfield><subfield code="b">Missouri</subfield><subfield code="c">Newton</subfield><subfield code="d">Granby.</subfield></datafield><datafield ind1="0" ind2="0" tag="780"><subfield code="t">Newton County news and Granby record</subfield><subfield code="w">(DLC)sn 89067042</subfield></datafield><datafield ind1="0" ind2="7" tag="785"><subfield code="t">Miner-mechanic</subfield><subfield code="w">(DLC)sn 89067044</subfield></datafield><datafield ind1="0" ind2="7" tag="785"><subfield code="t">Newton County news (Granby, Mo.)</subfield><subfield code="w">(DLC)sn 89067044</subfield></datafield></record>